<?xml version="1.0" encoding="UTF-8"?><collection xmlns="http://www.loc.gov/MARC21/slim"><record><leader>00496nam--2200181-u-4500</leader><controlfield tag="001">000050910</controlfield><controlfield tag="002">20161230</controlfield><controlfield tag="005">20170222003341</controlfield><controlfield tag="008">080422s1000------------r-----000-0-eng-d</controlfield><datafield ind1=" " ind2=" " tag="020"><subfield code="a">9971-50-060-4</subfield></datafield><datafield ind1=" " ind2=" " tag="040"><subfield code="a">IFIN-HH</subfield></datafield><datafield ind1="1" ind2=" " tag="100"><subfield code="a">Cho, Y. M</subfield></datafield><datafield ind1="1" ind2="0" tag="245"><subfield code="a">Proceedings of 14th ICGTMP, 26 - 30 August 1985 Seoul, Korea</subfield><subfield code="c">Cho, Y. M. (Ed.)</subfield></datafield><datafield ind1=" " ind2=" " tag="260"><subfield code="a">Singapore</subfield><subfield code="b">World Scientific</subfield><subfield code="c">1986</subfield></datafield><datafield ind1=" " ind2=" " tag="300"><subfield code="a">667 p</subfield></datafield><datafield ind1=" " ind2="4" tag="650"><subfield code="a">Theoretical methods</subfield></datafield><datafield ind1=" " ind2=" " tag="852"><subfield code="a">79144</subfield><subfield code="c">51</subfield></datafield><datafield ind1=" " ind2=" " tag="CAT"><subfield code="a">SYS</subfield><subfield code="c">20170222</subfield><subfield code="h">003341</subfield></datafield></record></collection>